
@article{anderson_improving_2018,
	title = {Improving {Gaia} {Parallax} {Precision} with a {Data}-driven {Model} of {Stars}},
	volume = {156},
	issn = {1538-3881},
	language = {en},
	number = {4},
	journal = {The Astronomical Journal},
	author = {Anderson, Lauren and Hogg, David W. and Leistedt, Boris and Price-Whelan, Adrian M. and Bovy, Jo},
	month = sep,
	year = {2018},
	pages = {145},
}

@article{widmark_inferring_2018,
	title = {Inferring {Binary} and {Trinary} {Stellar} {Populations} in {Photometric} and {Astrometric} {Surveys}},
	volume = {857},
	issn = {0004-637X},
	language = {en},
	number = {2},
	journal = {The Astrophysical Journal},
	author = {Widmark, Axel and Leistedt, Boris and Hogg, David W.},
	month = apr,
	year = {2018},
	pages = {114},
}

@article{gagne_banyan._2018,
	title = {{BANYAN}. {XI}. {The} {BANYAN} \$\{\vphantom{\}}{upSigma}},
	volume = {856},
	issn = {0004-637X},
	language = {en},
	number = {1},
	author = {Gagn{\'e}, Jonathan and Mamajek, Eric E. and Malo, Lison and Riedel, Adric and Rodriguez, David and Lafreni{\`e}re, David and Faherty, Jacqueline K. and Roy-Loubier, Olivier and Pueyo, Laurent and Robin, Annie C. and Doyon, Ren{\'e}},
	month = mar,
	year = {2018},
	pages = {23},
}

@article{gagne_banyan._2018-1,
	title = {{BANYAN}. {XIII}. {A} {First} {Look} at {Nearby} {Young} {Associations} with {Gaia} {Data} {Release} 2},
	volume = {862},
	issn = {0004-637X},
	language = {en},
	number = {2},
	journal = {The Astrophysical Journal},
	author = {Gagn{\'e}, Jonathan and Faherty, Jacqueline K.},
	month = jul,
	year = {2018},
	pages = {138},
}
